@article {key, title = "Title Track" }
@misc    {   , title = "Missing Cite Key!" }
