%% This BibTeX bibliography file was created using BibDesk.
%% http://bibdesk.sourceforge.net/


%% Created for Ren√© Schwaiger at 2015-02-19 10:59:38 +0100 


%% Saved with string encoding Unicode (UTF-8) 



@article{robertson2013ponies,
	Author = {Robertson, Venetia Laura Delano},
	Date-Added = {2015-02-19 09:57:50 +0000},
	Date-Modified = {2015-02-19 09:57:50 +0000},
	Journal = {International journal of cultural studies},
	Pages = {1367877912464368},
	Publisher = {Sage Publications},
	Title = {Of ponies and men My Little Pony: Friendship is magic and the Brony fandom},
	Year = {2013}}

@article{pony2010friendship,
	Author = {Pony, My Little},
	Date-Added = {2015-02-19 09:57:41 +0000},
	Date-Modified = {2015-02-19 09:57:41 +0000},
	Journal = {The Super Speedy Cider Squeezy},
	Title = {Friendship Is Magic},
	Volume = {6000},
	Year = {2010}}

@article{hada2013my,
	Author = {Hada, Erika},
	Date-Added = {2015-02-19 09:57:36 +0000},
	Date-Modified = {2015-02-19 09:57:36 +0000},
	Journal = {UC Merced Undergraduate Research Journal},
	Number = {1},
	Title = {My Little Pony},
	Volume = {5},
	Year = {2013}}
