@misc{ Deltron3030,
       author = "Deltron 3030",
       title = "Battlesong",
       year = "3030" }
