@comment{ Unformatted bib entries }

@article{A, author = {A}}
%@article{B}

@string { pink_pony   = "Pinkie Pie" }
@string { yellow_pony = "Fluttershy" }
@string { white_pony  = "Deftones" }
